<record><leader>00000cas a2200000 i 4500</leader><controlfield tag="001">995848425</controlfield><controlfield tag="008">170731c20089999msuir ne      0   a0eng  </controlfield><datafield ind1=" " ind2=" " tag="010"><subfield code="a">  2017270504</subfield></datafield><datafield ind1=" " ind2=" " tag="040"><subfield code="a">DLC</subfield><subfield code="b">eng</subfield><subfield code="e">rda</subfield><subfield code="c">DLC</subfield><subfield code="d">OCLCF</subfield></datafield><datafield ind1=" " ind2=" " tag="042"><subfield code="a">pcc</subfield></datafield><datafield ind1=" " ind2=" " tag="043"><subfield code="a">n-us-ms</subfield></datafield><datafield ind1="0" ind2="0" tag="245"><subfield code="a">DeSoto times-tribune.</subfield></datafield><datafield ind1=" " ind2="1" tag="264"><subfield code="a">[Hernando, Miss. :</subfield><subfield code="b">publisher not identified],</subfield><subfield code="c">2008-</subfield></datafield><datafield ind1=" " ind2=" " tag="300"><subfield code="a">volumes</subfield></datafield><datafield ind1=" " ind2=" " tag="310"><subfield code="a">Three times a week</subfield></datafield><datafield ind1=" " ind2=" " tag="336"><subfield code="a">text</subfield><subfield code="b">txt</subfield><subfield code="2">rdacontent</subfield></datafield><datafield ind1=" " ind2=" " tag="337"><subfield code="a">unmediated</subfield><subfield code="b">n</subfield><subfield code="2">rdamedia</subfield></datafield><datafield ind1=" " ind2=" " tag="338"><subfield code="a">volume</subfield><subfield code="b">nc</subfield><subfield code="2">rdacarrier</subfield></datafield><datafield ind1="1" ind2=" " tag="362"><subfield code="a">Began September 4, 2008.</subfield></datafield><datafield ind1=" " ind2=" " tag="588"><subfield code="a">Description based on: September 4, 2008; title from masthead.</subfield></datafield><datafield ind1=" " ind2=" " tag="588"><subfield code="a">Latest issue consulted: September 4, 2008.</subfield></datafield><datafield ind1=" " ind2="0" tag="651"><subfield code="a">Hernando (Miss.)</subfield><subfield code="v">Newspapers.</subfield></datafield><datafield ind1=" " ind2="7" tag="651"><subfield code="a">Mississippi</subfield><subfield code="z">Hernando.</subfield><subfield code="2">fast</subfield><subfield code="0">(OCoLC)fst01229017</subfield></datafield><datafield ind1=" " ind2="7" tag="655"><subfield code="a">Newspapers.</subfield><subfield code="2">fast</subfield><subfield code="0">(OCoLC)fst01423814</subfield></datafield><datafield ind1=" " ind2=" " tag="752"><subfield code="a">United States</subfield><subfield code="b">Mississippi</subfield><subfield code="c">DeSoto</subfield><subfield code="d">Hernando.</subfield></datafield><datafield ind1="0" ind2="0" tag="780"><subfield code="t">DeSoto times today</subfield><subfield code="w">(DLC)  2017270503</subfield><subfield code="w">(OCoLC)995175268</subfield></datafield><datafield ind1="0" ind2="0" tag="780"><subfield code="t">DeSoto County tribune</subfield><subfield code="w">(DLC)sn 87065179</subfield><subfield code="w">(OCoLC)15253848</subfield></datafield></record>